@misc{NGUI,
	author =       "NGUI",
	title =        "Game UI Framework",
	year =         "2016",
	url =          "https://www.assetstore.unity3d.com/en/#!/content/2413"
}

@misc{Unity3D,
	author =       "Unity3D",
	title =        "Game Development SDK",
	year =         "2016",
	url =          "http://unity3d.com/"
}

@article{RAD-Game-Development,
	author =       "Daniel Valente De Macedo,  Maria Andre",
	title =        "Experiences With Rapid Mobile Game Development Using Unity Engine",
	journal =      "ACM",
	volume =       "1",
	number =       "1",
	pages =        "1",
	year =         "2011",
	DOI =          "http://doi.acm.org/10.1145/2027456.2027460"
}

@misc{Unity-Models-Support,
	author    = "Unity-Models-Support",
	title     = "Model File Support",
	url       = "http://docs.unity3d.com/Manual/3D-formats.html"
}

@misc{Unreal-Engine,
	author    = "Unreal Engine",
	title     = "Unreal Engine Technology",
	url       = "https://www.unrealengine.com"
}

@misc{Nvidia-K1,
	author    = "Nvidia",
	title     = "Nvidiaâ€™s Newest Mobile Gaming Processor",
	url       = "http://www.nvidia.com/object/tegra-k1-processor.html"
}